% Pagnoncelli et al. 2020
@article{PagnoncelliEtAl2020,
  title = {The effect of regularization in portfolio selection problems},
  volume = {29},
  ISSN = {1863-8279},
  url = {http://dx.doi.org/10.1007/s11750-020-00578-7},
  DOI = {10.1007/s11750-020-00578-7},
  number = {1},
  journal = {TOP},
  publisher = {Springer Science and Business Media LLC},
  author = {Pagnoncelli,  Bernardo K. and del Canto,  Felipe and Cifuentes,  Arturo},
  year = {2020},
  month = jul,
  pages = {156-176}
}